<?xml version="1.0" encoding="UTF-8"?><collection xmlns="http://www.loc.gov/MARC21/slim"><record><leader>00486nam--2200157-i-4500</leader><controlfield tag="001">000001065</controlfield><controlfield tag="002">20161230</controlfield><controlfield tag="005">20161230201024</controlfield><controlfield tag="008">060222s1000------------r-----000-0-eng-d</controlfield><datafield ind1=" " ind2=" " tag="080"><subfield code="a">512.81:512.7</subfield></datafield><datafield ind1=" " ind2=" " tag="100"><subfield code="a">Hermann, Robert., Martin Clyde</subfield></datafield><datafield ind1=" " ind2=" " tag="245"><subfield code="a">Algebro-geometric and lie-theoretic techniques in systems theory. part a</subfield></datafield><datafield ind1=" " ind2=" " tag="260"><subfield code="a">Brookline, Math Sci Press, 1977. 256 P</subfield></datafield><datafield ind1=" " ind2=" " tag="490"><subfield code="a">Interdisciplinary Mathematics</subfield><subfield code="v">vol. XIII</subfield></datafield><datafield ind1=" " ind2=" " tag="852"><subfield code="a">42776</subfield></datafield><datafield ind1=" " ind2=" " tag="CAT"><subfield code="a">Sys</subfield><subfield code="c">20080410</subfield><subfield code="h">110134</subfield></datafield></record></collection>